{
  "leader": "03601cam a2200541 i 4500",
  "fields": [
    {
      "001": "ocm01056817\\"
    },
    {
      "003": "OCoLC"
    },
    {
      "005": "20220707161727.0"
    },
    {
      "008": "740917s1975\\\\\\\\nyuaf\\\\\\\\\\\\\\\\\\001\\0aeng\\\\"
    },
    {
      "010": {
        "ind1": "\\",
        "ind2": "\\",
        "subfields": [
          {
            "a": "   74020803 "
          }
        ]
      }
    },
    {
      "040": {
        "ind1": "\\",
        "ind2": "\\",
        "subfields": [
          {
            "a": "DLC"
          },
          {
            "b": "eng"
          },
          {
            "c": "DLC"
          },
          {
            "d": "CLU"
          },
          {
            "d": "OTP"
          },
          {
            "d": "MU3"
          },
          {
            "d": "OCLCF"
          },
          {
            "d": "OCLCQ"
          },
          {
            "d": "OCLCO"
          },
          {
            "d": "BUR"
          },
          {
            "d": "OCLCA"
          },
          {
            "d": "OCL"
          },
          {
            "d": "OCLCQ"
          },
          {
            "d": "OCLCO"
          },
          {
            "d": "OCLCQ"
          },
          {
            "d": "OCL"
          },
          {
            "d": "OCLCA"
          },
          {
            "d": "OCLCQ"
          },
          {
            "d": "OCLCO"
          }
        ]
      }
    },
    {
      "019": {
        "ind1": "\\",
        "ind2": "\\",
        "subfields": [
          {
            "a": "988514508"
          }
        ]
      }
    },
    {
      "020": {
        "ind1": "\\",
        "ind2": "\\",
        "subfields": [
          {
            "a": "0151894817"
          }
        ]
      }
    },
    {
      "020": {
        "ind1": "\\",
        "ind2": "\\",
        "subfields": [
          {
            "a": "9780151894819"
          }
        ]
      }
    },
    {
      "035": {
        "ind1": "\\",
        "ind2": "\\",
        "subfields": [
          {
            "a": "(OCoLC)1056817"
          },
          {
            "z": "(OCoLC)988514508"
          }
        ]
      }
    },
    {
      "043": {
        "ind1": "\\",
        "ind2": "\\",
        "subfields": [
          {
            "a": "n-us---"
          }
        ]
      }
    },
    {
      "050": {
        "ind1": "0",
        "ind2": "0",
        "subfields": [
          {
            "a": "CT275.R266"
          },
          {
            "b": "A33"
          }
        ]
      }
    },
    {
      "082": {
        "ind1": "0",
        "ind2": "0",
        "subfields": [
          {
            "a": "332.0924"
          },
          {
            "b": "RAS"
          }
        ]
      }
    },
    {
      "100": {
        "ind1": "1",
        "ind2": "\\",
        "subfields": [
          {
            "a": "Rasmussen, Anne-Marie,"
          },
          {
            "d": "1938-"
          }
        ]
      }
    },
    {
      "245": {
        "ind1": "1",
        "ind2": "0",
        "subfields": [
          {
            "a": "There was once a time /"
          },
          {
            "c": "Anne-Marie Rasmussen."
          }
        ]
      }
    },
    {
      "250": {
        "ind1": "\\",
        "ind2": "\\",
        "subfields": [
          {
            "a": "1st ed."
          }
        ]
      }
    },
    {
      "260": {
        "ind1": "\\",
        "ind2": "\\",
        "subfields": [
          {
            "a": "New York :"
          },
          {
            "b": "Harcourt Brace Jovanovich,"
          },
          {
            "c": "[1975]"
          }
        ]
      }
    },
    {
      "300": {
        "ind1": "\\",
        "ind2": "\\",
        "subfields": [
          {
            "a": "xiii, 236 pages, 16 unnumbered leaves of plates :"
          },
          {
            "b": "illustrations ;"
          },
          {
            "c": "22 cm"
          }
        ]
      }
    },
    {
      "336": {
        "ind1": "\\",
        "ind2": "\\",
        "subfields": [
          {
            "a": "text"
          },
          {
            "b": "txt"
          },
          {
            "2": "rdacontent"
          }
        ]
      }
    },
    {
      "337": {
        "ind1": "\\",
        "ind2": "\\",
        "subfields": [
          {
            "a": "unmediated"
          },
          {
            "b": "n"
          },
          {
            "2": "rdamedia"
          }
        ]
      }
    },
    {
      "338": {
        "ind1": "\\",
        "ind2": "\\",
        "subfields": [
          {
            "a": "volume"
          },
          {
            "b": "nc"
          },
          {
            "2": "rdacarrier"
          }
        ]
      }
    },
    {
      "520": {
        "ind1": "\\",
        "ind2": "\\",
        "subfields": [
          {
            "a": "Anne-Marie Rasmussen grew up on an island in the North Sea and left Norway for Manhattan in 1956, at the age of eighteen. Speaking only a few words of English, she nevertheless found prompt employment as a domestic servant in Nelson Rockefeller's household. Exactly three years later, in a village church on the Norwegian mainland, Anne-Marie was married to one of Nelson's sons, Steven Clark Rockefeller. Her memoir relates fourteen years of events before and after a wedding that captured the imagination of the world. Cinderella stories do not necessarily end happily--in fact, Anne-Marie's and Steven's courtship was periodically troubled, and their marriage, though it produced a son and two daughters, proved difficult and stormy, and ended in divorce. The author tells her story simply and with total candor. Here are fascinating glimpses of life among the Rockefellers--in their apartment on Fifth Avenue, at Seal Harbor, Maine, and in the great enclave at Pocantico Hills. The portraits of Nelson Rockefeller and of his first wife are drawn with admiration and affection. And a high point of the book deals with Anne-Marie's active role in Nelson's second bid for the presidency. This memoir portrays the intense relationship of two exceptional human beings, very different from each other, who ultimately found that neither love nor good will nor earnest endeavor could surmount their barriers between them.--Adapted from book jacket."
          }
        ]
      }
    },
    {
      "505": {
        "ind1": "0",
        "ind2": "\\",
        "subfields": [
          {
            "a": "Islands. Bor\u00f8ya ; Manhattan ; Mount Desert -- Illusions. On becoming Mrs. Steven Clark Rockefeller ; Guggen and Guggi Rockefeller ; Currents ; Troubled waters."
          }
        ]
      }
    },
    {
      "500": {
        "ind1": "\\",
        "ind2": "\\",
        "subfields": [
          {
            "a": "Includes index."
          }
        ]
      }
    },
    {
      "600": {
        "ind1": "1",
        "ind2": "0",
        "subfields": [
          {
            "a": "Rasmussen, Anne-Marie,"
          },
          {
            "d": "1938-"
          }
        ]
      }
    },
    {
      "650": {
        "ind1": "\\",
        "ind2": "0",
        "subfields": [
          {
            "a": "Norwegians"
          },
          {
            "z": "United States"
          },
          {
            "v": "Biography."
          }
        ]
      }
    },
    {
      "600": {
        "ind1": "3",
        "ind2": "0",
        "subfields": [
          {
            "a": "Rockefeller family."
          }
        ]
      }
    },
    {
      "650": {
        "ind1": "\\",
        "ind2": "0",
        "subfields": [
          {
            "a": "Marriages of celebrities"
          },
          {
            "z": "New York (State)"
          },
          {
            "z": "New York."
          }
        ]
      }
    },
    {
      "650": {
        "ind1": "\\",
        "ind2": "0",
        "subfields": [
          {
            "a": "Rich people"
          },
          {
            "z": "New York (State)"
          },
          {
            "z": "New York."
          }
        ]
      }
    },
    {
      "600": {
        "ind1": "1",
        "ind2": "7",
        "subfields": [
          {
            "a": "Rasmussen, Anne-Marie,"
          },
          {
            "d": "1938-"
          },
          {
            "2": "fast"
          },
          {
            "0": "(OCoLC)fst01428822"
          }
        ]
      }
    },
    {
      "600": {
        "ind1": "3",
        "ind2": "7",
        "subfields": [
          {
            "a": "Rockefeller family."
          },
          {
            "2": "fast"
          },
          {
            "0": "(OCoLC)fst00214542"
          }
        ]
      }
    },
    {
      "650": {
        "ind1": "\\",
        "ind2": "7",
        "subfields": [
          {
            "a": "Marriages of celebrities."
          },
          {
            "2": "fast"
          },
          {
            "0": "(OCoLC)fst01010651"
          }
        ]
      }
    },
    {
      "650": {
        "ind1": "\\",
        "ind2": "7",
        "subfields": [
          {
            "a": "Norwegians."
          },
          {
            "2": "fast"
          },
          {
            "0": "(OCoLC)fst01039481"
          }
        ]
      }
    },
    {
      "650": {
        "ind1": "\\",
        "ind2": "7",
        "subfields": [
          {
            "a": "Rich people."
          },
          {
            "2": "fast"
          },
          {
            "0": "(OCoLC)fst01097537"
          }
        ]
      }
    },
    {
      "651": {
        "ind1": "\\",
        "ind2": "7",
        "subfields": [
          {
            "a": "New York (State)"
          },
          {
            "z": "New York."
          },
          {
            "2": "fast"
          },
          {
            "0": "(OCoLC)fst01204333"
          }
        ]
      }
    },
    {
      "651": {
        "ind1": "\\",
        "ind2": "7",
        "subfields": [
          {
            "a": "United States."
          },
          {
            "2": "fast"
          },
          {
            "0": "(OCoLC)fst01204155"
          }
        ]
      }
    },
    {
      "655": {
        "ind1": "\\",
        "ind2": "2",
        "subfields": [
          {
            "a": "Autobiography"
          }
        ]
      }
    },
    {
      "655": {
        "ind1": "\\",
        "ind2": "7",
        "subfields": [
          {
            "a": "Autobiographies."
          },
          {
            "2": "fast"
          },
          {
            "0": "(OCoLC)fst01919894"
          }
        ]
      }
    },
    {
      "655": {
        "ind1": "\\",
        "ind2": "7",
        "subfields": [
          {
            "a": "Biographies."
          },
          {
            "2": "fast"
          },
          {
            "0": "(OCoLC)fst01919896"
          }
        ]
      }
    },
    {
      "655": {
        "ind1": "\\",
        "ind2": "7",
        "subfields": [
          {
            "a": "Autobiographies."
          },
          {
            "2": "lcgft"
          }
        ]
      }
    },
    {
      "994": {
        "ind1": "\\",
        "ind2": "\\",
        "subfields": [
          {
            "a": "Z0"
          },
          {
            "b": "NYRVC"
          }
        ]
      }
    },
    {
      "948": {
        "ind1": "\\",
        "ind2": "\\",
        "subfields": [
          {
            "h": "NO HOLDINGS IN NYRVC - 345 OTHER HOLDINGS"
          }
        ]
      }
    },
    {
      "999": {
        "ind1": "\\",
        "ind2": "\\",
        "subfields": [
          {
            "a": "00000000015419"
          }
        ]
      }
    }
  ]
}